@MANUAL{svgspec,
	title = "Scalable Vector Graphics (SVG) 1.1 Specification {[online]}",
	organization = "WWW Consorcium",
	url = "http://www.w3.org/TR/2003/REC-SVG11-20030114/",
	note = "[cit. 2011-07-07]",
	key = "svg"
}

@INBOOK{kobltypo,
	title = "Praktick{\' a} typografie",
	author = "Pavel Ko{\v c}i{\v c}ka and Filip Bla{\v z}ek",
	publisher = "Brno: Computer Press",
	year = "2004"
}

@BOOK{rybicka,
	title = "LaTeX pro za\v c\'ate\v cn\'\i{}ky",
	author = "Ji{\v r}{\' i} Rybi{\v c}ka",
	isbn = "80-7302-049-1",
	publisher = "Brno: Konvoj",
	edition = "3"
}

@MANUAL{iso690,
	organization = "\'U\v rad pro technickou normalizaci, metrologii a st\'atn\'\i{} zku\v sebnictv\'\i{}",
	title = "\v CSN ISO 690 Informace a dokumentace -- Pravidla pro bibliografick\'e odkazy a citace informa\v cn\'\i{}ch zdroj{\r u}",
	year = "2011"
}


@ARTICLE {sitova-karta-s-fpga-xilinx,
	title  = "Síťová karta s FPGA Xilinx pro 1 a 10GbE",
	journal = "V: Pandatron - elektrotechnický magazín {[online]}",
	howpublished = "[online]",
	month  = "červen",
	year   = "2013",
	note = "[cit. 2015-10-31]",
	url    = "http://pandatron.cz/?2939&sitova_karta_s_fpga_xilinx_pro_1_a_10gbe"
}

@MISC{xplg,
	title = "What is Log Analysis and Why Do You Need It? A comprehensive Guide {[online]}",
	url = {https://www.xplg.com/what-is-log-analysis-and-why-do-you-need-it/},
	type = {web page},
	month = {{February}},
	year = {{2020}},
	note = "[Cited 2021-03-28]"
}

@misc{sematext,
	title = "Log Analysis: A Complete Guide Covering from What It Is\, Use Cases & Best Practices You Need to Know About {[online]}",
	url = {https://sematext.com/blog/log-analysis/},
	type = {web page},
	month = {{September}},
	year = {{2020}},
	note = "[Cited 2021-03-28]"
}

