@MANUAL{svgspec,
	title = "Scalable Vector Graphics (SVG) 1.1 Specification {[online]}",
	organization = "WWW Consorcium",
	url = "http://www.w3.org/TR/2003/REC-SVG11-20030114/",
	note = "[cit. 2011-07-07]",
	key = "svg"
}

@INBOOK{kobltypo,
	title = "Praktick{\' a} typografie",
	author = "Pavel Ko{\v c}i{\v c}ka and Filip Bla{\v z}ek",
	publisher = "Brno: Computer Press",
	year = "2004"
}

@INBOOK{text-retrieval-definition,
	title = "Text Indexing and Retrieval",
	author = "Haoda Huang and Benyu Zhang",
	publisher = "Boston: Springer",
	year = "2009"
}

@BOOK{rybicka,
	title = "LaTeX pro za\v c\'ate\v cn\'\i{}ky",
	author = "Ji{\v r}{\' i} Rybi{\v c}ka",
	isbn = "80-7302-049-1",
	publisher = "Brno: Konvoj",
	edition = "3"
}

@MANUAL{iso690,
	organization = "\'U\v rad pro technickou normalizaci, metrologii a st\'atn\'\i{} zku\v sebnictv\'\i{}",
	title = "\v CSN ISO 690 Informace a dokumentace -- Pravidla pro bibliografick\'e odkazy a citace informa\v cn\'\i{}ch zdroj{\r u}",
	year = "2011"
}


@ARTICLE {sitova-karta-s-fpga-xilinx,
	title  = "Síťová karta s FPGA Xilinx pro 1 a 10GbE",
	journal = "V: Pandatron - elektrotechnický magazín {[online]}",
	howpublished = "[online]",
	month  = "červen",
	year   = "2013",
	note = "[cit. 2015-10-31]",
	url    = "http://pandatron.cz/?2939&sitova_karta_s_fpga_xilinx_pro_1_a_10gbe"
}


@MISC{sematext,
	title = "Log Analysis: A Complete Guide Covering from What It Is, Use Cases \& Best Practices You Need to Know About {[online]}",
	url = {https://sematext.com/blog/log-analysis/},
	type = {web page},
	month = {{September}},
	year = {{2020}},
	note = "[Cited 2021-03-28]",
	key = "log analytics"
}

@MISC{xplg-site,
	title = "What is Log Analysis and Why Do You Need It? A comprehensive Guide {[online]}",
	url = {https://www.xplg.com/what-is-log-analysis-and-why-do-you-need-it/},
	type = {web page},
	month = {{February}},
	year = {{2020}},
	note = "[Cited 2021-03-28]",
	key = "log analytics"
}

@PROCEEDINGS{semi-structured-data-definition,
	title = "Semistructured data",
	year = {{1997}},
	note = "[Cited 2021-03-30]",
	key = "semi-structured-data-definition"
}

@MISC{semi-structured-data-graylog,
	title = "Turning Unstructured Data Into Structured Data With Log Management Tools",
	url = {https://www.graylog.org/post/turning-unstructured-data-into-structured-data-with-log-management-tools},
	type = {web page},
	month = {{February}},
	year = {{2020}},
	note = "[Cited 2021-03-30]",
	key = "semi-structured-data-graylog"
}

@MISC{weblogic-log-structure,
	title = "Understanding WebLogic Logging Services ",
	url = {https://docs.oracle.com/cd/E13222_01/wls/docs92/logging/logging_services.html},
	type = {web page},
	month = {{October}},
	year = {{2009}},
	note = "[Cited 2021-03-30]",
	key = "weblogic-log-structure"
}

@MISC{vectorization,
	title = "Text Vectorization and Transformation Pipelines - Applied Text Analysis with Python [Book]",
	url = {https://www.oreilly.com/library/view/applied-text-analysis/9781491963036/ch04.html},
	type = {web page},
	month = {{April}},
	year = {{2021}},
	note = "[Cited 2021-04-05]",
	key = "text vectorization"
}

@MISC{bag-of-words,
	title = "A Gentle Introduction to the Bag-of-Words Model",
	url = {https://machinelearningmastery.com/gentle-introduction-bag-words-model/},
	type = {web page},
	month = {{August}},
	year = {{2019}},
	note = "[Cited 2021-04-05]",
	key = "text vectorization"
}

@MISC{nlp-definition-tds,
	title = "Your Guide to Natural Language Processing (NLP)",
	url = {https://towardsdatascience.com/your-guide-to-natural-language-processing-nlp-48ea2511f6e1},
	type = {web page},
	month = {{January}},
	year = {{2019}},
	note = "[Cited 2021-04-05]",
	key = "nlp-definition"
}

@MISC{nlp-definition-ibm,
	title = "What is Natural Language Processing? | IBM",
	url = {https://www.ibm.com/cloud/learn/natural-language-processing},
	type = {web page},
	month = {{July}},
	year = {{2020}},
	note = "[Cited 2021-04-05]",
	key = "nlp-definition"
}

@MISC{ner-wiki,
	title = "Named-entity recognition",
	url = {https://en.wikipedia.org/wiki/Named-entity_recognition},
	type = {web page},
	month = {{April}},
	year = {{2021}},
	note = "[Cited 2021-04-05]",
	key = "ner-wiki"
}

@MISC{coreference-stanford,
	title = "Coreference Resolution",
	url = {https://nlp.stanford.edu/projects/coref.shtml},
	type = {web page},
	month = {{April}},
	year = {{2021}},
	note = "[Cited 2021-04-05]",
	key = "coreference-stanford-def"
}

@MISC{sentiment-analysis-def,
	title = "Sentiment Analysis: Concept, Analysis and Applications",
	url = {https://towardsdatascience.com/sentiment-analysis-concept-analysis-and-applications-6c94d6f58c17},
	type = {web page},
	month = {{January}},
	year = {{2018}},
	note = "[Cited 2021-04-05]",
	key = "sentiment-analysis-def"
}

@MISC{nltk-homepage,
	title = "Natural Language Toolkit — NLTK 3.5 documentation",
	url = {https://www.nltk.org/},
	type = {web page},
	month = {{April}},
	year = {{2020}},
	note = "[Cited 2021-04-05]",
	key = "nltk-homepage"
}

@MISC{tokenization-def,
	title = "Tokenization",
	url = {https://nlp.stanford.edu/IR-book/html/htmledition/tokenization-1.html},
	type = {web page},
	month = {{April}},
	year = {{2009}},
	note = "[Cited 2021-04-09]",
	key = "tokenization-stanford"
}

@MISC{stemming-def,
	title = "Stemming - Hands-On Natural Language Processing with Python [Book]",
	url = {https://www.oreilly.com/library/view/hands-on-natural-language/9781789139495/76bf05a2-2da2-4378-9f6b-187e098e0ba9.xhtml},
	type = {web page},
	month = {{April}},
	year = {{2021}},
	note = "[Cited 2021-04-10]",
	key = "stemming-definition"
}

@MISC{stemming-and-lemmatization,
	title = "Stemming and lemmatization",
	url = {https://nlp.stanford.edu/IR-book/html/htmledition/stemming-and-lemmatization-1.html},
	type = {web page},
	month = {{July}},
	year = {{2009}},
	note = "[Cited 2021-04-10]",
	key = "stemming-definition"
}


@MISC{porter-stemming-alg,
	title = "The Porter Stemming Algorithm",
	url = {https://tartarus.org/martin/PorterStemmer/index.html},
	type = {web page},
	month = {{January}},
	year = {{2006}},
	note = "[Cited 2021-04-10]",
	key = "porter-stemming-alg"
}


@MISC{snowball-porter-difference,
	title = "Snowball Stemmer – NLP",
	url = {https://www.geeksforgeeks.org/snowball-stemmer-nlp/},
	type = {web page},
	month = {{October}},
	year = {{2020}},
	note = "[Cited 2021-04-10]",
	key = "snowball-porter-difference"
}

@MISC{stemming-or-lemmatization,
	title = "Stemming and Lemmatization in Python",
	url = {https://www.datacamp.com/community/tutorials/stemming-lemmatization-python},
	type = {web page},
	month = {{October}},
	year = {{2018}},
	note = "[Cited 2021-04-10]",
	key = "stemming-or-lemmatization"
}

@MISC{vsm-wiki-def,
	title = "Vector space model",
	url = {https://en.wikipedia.org/wiki/Vector_space_model},
	type = {web page},
	month = {{August}},
	year = {{2020}},
	note = "[Cited 2021-04-10]",
	key = "vsm-wiki-def"
}

@MISC{oracle-ioexception,
	title = "IOException (Java Platform SE 7 )",
	url = {https://docs.oracle.com/javase/7/docs/api/java/io/IOException.html},
	type = {web page},
	month = {{June}},
	year = {{2020}},
	note = "[Cited 2021-04-11]",
	key = "oracle-ioexception"
}

@MISC{tf-idf-def,
	title = "Tf-idf :: A Single-Page Tutorial - Information Retrieval and Text Mining",
	url = {http://www.tfidf.com/},
	type = {web page},
	month = {{August}},
	year = {{2020}},
	note = "[Cited 2021-04-11]",
	key = "tf-idf-def"
}

@MISC{mi-mdw,
	title = "Middleware Architectures 1. Lecture 4: Application Server Architecture",
	url = {https://mdw.vitvar.com/},
	type = {web page},
	month = {{December}},
	year = {{2020}},
	author = {Tomáš Vitvar},
	note = "[Cited 2021-04-12]",
	key = "application-server-architecture" 
}

@MISC{rand-index,
	title = "Rand index",
	url = {https://en.wikipedia.org/wiki/Rand_index},
	type = {web page},
	month = {{January}},
	year = {{2021}},
	note = "[Cited 2021-04-12]",
	key = "rand-index"
}

@MISC{quality-metrics,
	title = "Clustering performance evaluation",
	url = {https://scikit-learn.org/stable/modules/clustering.html},
	type = {web page},
	month = {{April}},
	year = {{2021}},
	note = "[Cited 2021-04-12]",
	key = "quality-metrics"
}

@MISC{adjusted-rand-index,
	title = {Adjusted Rand Score},
	url = {https://scikit-learn.org/stable/modules/generated/sklearn.metrics.adjusted_rand_score.html},
	type = {web page},
	month = {{April}},
	year = {{2021}},
	note = "[Cited 2021-04-12]",
	key = "adjusted-rand-index"
}

@MISC{cos-similarity,
	title = {Cosine Similarity – Understanding the math and how it works},
	url = {https://www.machinelearningplus.com/nlp/cosine-similarity/},
	type = {web page},
	month = {{October}},
	year = {{2018}},
	note = "[Cited 2021-04-14]",
	key = "cos-similarity"
}

@MISC{ml-use-cases,
	title = {Machine learning use cases},
	url = {https://algorithmia.com/blog/machine-learning-use-cases},
	type = {web page},
	month = {{December}},
	year = {{2019}},
	note = "[Cited 2021-04-15]",
	key = "ml-use-cases"
}


@MISC{nn-basics,
	title = {Basics of Neural Networks},
	url = {https://www.investopedia.com/terms/n/neuralnetwork.asp},
	type = {web page},
	month = {{December}},
	year = {{2020}},
	note = "[Cited 2021-04-15]",
	key = "nn-basics"
}

@MISC{ibm-supervised-learning,
	title = {Supervised Learning},
	url = {https://www.ibm.com/cloud/learn/supervised-learning},
	type = {web page},
	month = {{August}},
	year = {{2020}},
	note = "[Cited 2021-04-15]",
	key = "ibm-supervised-learning"
}

@MISC{ibm-unsupervised-learning,
	title = {Unsupervised Learning},
	url = {https://www.ibm.com/cloud/learn/unsupervised-learning},
	type = {web page},
	month = {{September}},
	year = {{2020}},
	note = "[Cited 2021-04-15]",
	key = "ibm-unsupervised-learning"
}

@MISC{ibm-ml,
	title = {Machine Learning},
	url = {https://www.ibm.com/cloud/learn/machine-learning},
	type = {web page},
	month = {{August}},
	year = {{2020}},
	note = "[Cited 2021-04-15]",
	key = "ibm-ml"
}

@MISC{backprop-description,
	title = {Understanding Backpropagation Algorithm},
	url = {https://towardsdatascience.com/understanding-backpropagation-algorithm-7bb3aa2f95fd},
	type = {web page},
	month = {{August}},
	year = {{2018}},
	note = "[Cited 2021-04-15]",
	key = "backprop-description"
}

@ARTICLE {kohonen,
	title  = "Self-organized formation of topologically correct feature maps",
	journal = "Biological Cybernetics",
	howpublished = "[Hybrid]",
	month  = "January",
	year   = "1982",
	note = "[cit. 2021-04-15]",
	url    = "https://doi.org/10.1007/BF00337288"
}